@book{1,
  title     = {Machine Learning},
  author    = {Mitchell, Tom M.},
  year      = {1997},
  publisher = {McGraw-Hill}
}

@online{2,
  author = {Artificielle Machine Learning},
  year   = {2020},
  title  = {{Pensée Artificielle Machine Learning pour débutant : Introduction au Machine Learning}},
  url    = {https://www.artificiellemachinelearning.com}
}
@misc{3,
  author       = {{StatSoft}},
  title        = {{StatSoft}},
  year         = {2006},
  howpublished = {\url{http://www.statsoft.com}}
}

@article{4,
  author  = {Pedregosa, F. and Varoquaux, G. and Gramfort, A. and Michel, V. and Thirion, B. and Grisel, O. and Blondel, M. and Prettenhofer, P. and Weiss, R. and Dubourg, V. and Vanderplas, J. and Passos, A. and Cournapeau, D. and Brucher, M. and Perrot, M. and Duchesnay, E.},
  title   = {Scikit-learn: Machine Learning in Python},
  journal = {Journal of Machine Learning Research},
  volume  = {12},
  pages   = {2825--2830},
  year    = {2011}
}

@book{5,
  author    = {Kelleher, John D. and Namee, Brian M. and D'Arcy, Aoife},
  title     = {Fundamentals of Machine Learning for Predictive Data Analytics: Algorithms, Worked Examples, and Case Studies},
  publisher = {The MIT Press},
  year      = {2015}
}
@article{6,
  title   = {Weighted k-nearest-neighbor techniques and ordinal classification},
  author  = {Hechenbichler, Klaus and Schliep, Klaus Peter},
  journal = {Discussion paper},
  year    = {2004}
}
@article{7,
  title  = {Risk assessment models for},
  author = {De Wolf, L V Madden and Lipps, P E},
  year   = {2003}
}
@book{8,
  title     = {Deep Learning},
  author    = {Goodfellow, Ian and Bengio, Yoshua and Courville, Aaron},
  year      = {2016},
  publisher = {MIT press}
}
@inproceedings{9,
  title        = {What is the best multi-stage architecture for object recognition?},
  author       = {Jarrett, Kevin and Kavukcuoglu, Koray and Ranzato, Marc'Aurelio and LeCun, Yann},
  booktitle    = {2009 IEEE 12th international conference on computer vision},
  pages        = {2146--2153},
  year         = {2009},
  organization = {IEEE}
}
@article{10,
  title     = {Long short-term memory},
  author    = {Hochreiter, Sepp and Schmidhuber, J{\"u}rgen},
  journal   = {Neural computation},
  volume    = {9},
  number    = {8},
  pages     = {1735--1780},
  year      = {1997},
  publisher = {MIT Press}
}
